@article{yang2024buffer,
  title={Buffer of thoughts: Thought-augmented reasoning with large language models},
  author={Yang, Ling and Yu, Zhaochen and Zhang, Tianjun and Cao, Shiyi and Xu, Minkai and Zhang, Wentao and Gonzalez, Joseph E and Cui, Bin},
  journal={Advances in Neural Information Processing Systems},
  volume={37},
  pages={113519--113544},
  year={2024}
}